<record><leader>00000cas a22000007a 4500</leader><controlfield tag="001">41260004</controlfield><controlfield tag="008">990427d19781981sduwr ne      0    0eng d</controlfield><datafield ind1=" " ind2=" " tag="010"><subfield code="a">sn 99062887 </subfield></datafield><datafield ind1=" " ind2=" " tag="040"><subfield code="a">SXN</subfield><subfield code="b">eng</subfield><subfield code="c">SXN</subfield><subfield code="d">OCLCF</subfield><subfield code="d">OCLCO</subfield></datafield><datafield ind1=" " ind2=" " tag="042"><subfield code="a">msc</subfield></datafield><datafield ind1=" " ind2=" " tag="043"><subfield code="a">n-us-sd</subfield></datafield><datafield ind1="0" ind2=" " tag="130"><subfield code="a">Observer (Gayville, S.D.)</subfield></datafield><datafield ind1="0" ind2="4" tag="245"><subfield code="a">The observer.</subfield></datafield><datafield ind1="1" ind2="7" tag="246"><subfield code="a">Yankton County observer</subfield></datafield><datafield ind1=" " ind2=" " tag="260"><subfield code="a">Gayville, S.D. :</subfield><subfield code="b">Bernie Hunhoff Jr. &amp; Brian J. Hunhoff,</subfield><subfield code="c">1978-1981.</subfield></datafield><datafield ind1=" " ind2=" " tag="300"><subfield code="a">v.</subfield></datafield><datafield ind1=" " ind2=" " tag="310"><subfield code="a">Weekly</subfield></datafield><datafield ind1="0" ind2=" " tag="362"><subfield code="a">Vol. 1, no. 48 (Dec. 29, 1978)-v. 4, no. 34 (Sept. 25, 1981).</subfield></datafield><datafield ind1=" " ind2=" " tag="530"><subfield code="a">Available on microfilm from: State Archives, South Dakota State Historical Society.</subfield></datafield><datafield ind1=" " ind2=" " tag="580"><subfield code="a">A part absorbed by: Wakonda times-observer.</subfield></datafield><datafield ind1=" " ind2="0" tag="651"><subfield code="a">Gayville (S.D.)</subfield><subfield code="v">Newspapers.</subfield></datafield><datafield ind1=" " ind2="0" tag="651"><subfield code="a">Yankton County (S.D.)</subfield><subfield code="v">Newspapers.</subfield></datafield><datafield ind1=" " ind2="7" tag="655"><subfield code="a">Newspapers.</subfield><subfield code="2">fast</subfield><subfield code="0">(OCoLC)fst01423814</subfield></datafield><datafield ind1=" " ind2="7" tag="651"><subfield code="a">South Dakota</subfield><subfield code="z">Gayville.</subfield><subfield code="2">fast</subfield><subfield code="0">(OCoLC)fst01227934</subfield></datafield><datafield ind1=" " ind2="7" tag="651"><subfield code="a">South Dakota</subfield><subfield code="z">Yankton County.</subfield><subfield code="2">fast</subfield><subfield code="0">(OCoLC)fst01207911</subfield></datafield><datafield ind1=" " ind2=" " tag="752"><subfield code="a">United States</subfield><subfield code="b">South Dakota</subfield><subfield code="c">Yankton</subfield><subfield code="d">Gayville.</subfield></datafield><datafield ind1="0" ind2="0" tag="780"><subfield code="t">Yankton County observer</subfield><subfield code="w">(DLC)sn 99062888</subfield></datafield><datafield ind1="0" ind2="0" tag="785"><subfield code="t">Missouri Valley observer (Gayville, S.D.)</subfield><subfield code="w">(DLC)sn 99062889</subfield></datafield><datafield ind1="1" ind2=" " tag="787"><subfield code="t">Wakonda times-observer</subfield><subfield code="w">(DLC)sn 8408401</subfield></datafield></record>